@string{QoMEX = "IEEE Conference on Quality of Multimedia Experience"}

@inproceedings{RobotAttendance,
	author = {Neustaedter, Carman and Venolia, Gina and Procyk, Jason and Hawkins, Daniel},
	title = {To Beam or Not to Beam: A Study of Remote Telepresence Attendance at an Academic Conference},
	year = {2016},
	booktitle = {Conference on Computer-Supported Cooperative Work \& Social Computing},
}


@article{RobotAttendance2018,
	author = {Neustaedter, Carman and Singhal, Samarth and Pan, Rui and Heshmat, Yasamin and Forghani, Azadeh and Tang, John},
	title = {From Being There to Watching: Shared and Dedicated Telepresence Robot Usage at Academic Conferences},
	year = {2018},
	volume = {25},
	number = {6},
	journal = {ACM Trans. Comput.-Hum. Interact.},
	month = dec,
}

@misc{PAM2020Data,
	title = {{PAM 2020} Questionnaire Data},
	howpublished = {\url{https://github.com/ohohlfeld/virtual-conference-experience/pam2020}},
	year = 2020,
}

@inproceedings{TheFragebogen,                                               
    title = {The{F}ragebogen: A Web Browser-based Questionnaire Framework for Scientific Research},
    author = {Dennis Guse and Henrique R. Orefice and Gabriel Reimers and Oliver Hohlfeld},
    booktitle = QoMEX,
    doi = {https://doi.org/10.1109/QoMEX.2019.8743231},
    year = 2019,
}

@misc{bonifati2020holding,
    title={Holding a Conference Online and Live due to COVID-19},
    author={Angela Bonifati and Giovanna Guerrini and Carsten Lutz and Wim Martens and Lara Mazilu and Norman Paton and Marcos Antonio Vaz Salles and Marc H. Scholl and Yongluan Zhou},
    year={2020},
    month = Apr,
    howpublished = {arXiv cs.DB/2004.07668 \url{https://arxiv.org/abs/2004.07668}},
}

@misc{ASPLOS,
	title = {The {ASPLOS 2020} Online Conference Experience},
	author = {James Larus and Luis Ceze and Karin Strauss},
	year = 2020,
	month = Mar,
	howpublished = {\url{https://cacm.acm.org/blogs/blog-cacm/243882-the-asplos-2020-online-conference-experience/fulltext}}
}

@misc{alex2020flexibility,
    title={Flexibility Is Key in Organizing a Global Professional Conference Online: The ICPE 2020 Experience in the COVID-19 Era},
    author={Alexandru Iosup and Catia Trubiani and Anne Koziolek and Jos√© Nelson Amaral and Andre B. Bondi and Andreas Brunnert},
    year={2020},
    howpublished = {arXiv cs.CY/2005.09085 \url{https://arxiv.org/abs/2005.09085}},
    month = May,
}

@article {Price457,
	author = {Price, Michael},
	title = {Scientists discover upsides of virtual meetings},
	volume = {368},
	number = {6490},
	pages = {457--458},
	year = {2020},
	doi = {10.1126/science.368.6490.457},
	publisher = {American Association for the Advancement of Science},
	issn = {0036-8075},
	URL = {https://science.sciencemag.org/content/368/6490/457},
	eprint = {https://science.sciencemag.org/content/368/6490/457.full.pdf},
	journal = {Science}
}


@article{virtConferencesFuture,
	Abstract = {The 2nd Palaeontological Virtual Congress will take place on 1--15 May 2020. We talked to the chairs of this event, Vicente D. Crespo Roures and Esther Manzanares Ubeda, who were also organizers of the inaugural conference.},
	Author = {Barral, Abel},
	Da = {2020/05/01},
	Date-Added = {2020-06-14 19:54:54 +0000},
	Date-Modified = {2020-06-14 19:54:54 +0000},
	Doi = {10.1038/s41559-020-1172-z},
	Id = {Barral2020},
	Isbn = {2397-334X},
	Journal = {Nature Ecology \& Evolution},
	Number = {5},
	Pages = {666--667},
	Title = {Virtual conferences are the future},
	Ty = {JOUR},
	Url = {https://doi.org/10.1038/s41559-020-1172-z},
	Volume = {4},
	Year = {2020},
	Bdsk-Url-1 = {https://doi.org/10.1038/s41559-020-1172-z}}

@misc{virtConfTaskforce,
	title = {{ACM} Virtual Conference Task Force},
	year = 2020,
	howpublished = {\url{https://www.acm.org/virtual-conferences}}
}

@misc{PAM2020,
	title = {Passive and Active Measurement Conference 2020},
	howpublished = {\url{https://pam2020.cs.uoregon.edu/}},
	year = 2020,
}

@misc{KuvsNetsoft,
	title = {KuVS Workshop on Network Softwarization},
	howpublished = {\url{https://kn.inf.uni-tuebingen.de/KuVS-FG-NetSoft/2020}},
	year = 2020,
}

@misc{ItSecWorkshop,
	title = {ITG Workshop on IT Security},
	howpublished = {\url{https://kn.inf.uni-tuebingen.de/itg-itsec/2020}},
	year = 2020,
}

@misc{QoMEX2020,
	title = {{IEEE QoMEX}},
	howpublished = {\url{https://qomex2020.ie/}},
	year = 2020,
}	

@misc{VirtualConferencesGithub,
	author = {Oliver Hohlfeld},
	title = {Virtual conference experience research data repository},
	howpublished = {\url{https://github.com/ohohlfeld/virtual-conference-experience/}},
       	year = 2020	
}

@article{npscritism,
	title = {A longitudinal examination of net promoter and firm revenue growth},
	author = {T. Keiningham and B. Cooil and T. Andreassen and L. Aksoy},
	journal = {J Market},
	volume = 71,
	issue = 3,
	year = 2007,
}


@article{reichheld_one_2003,
  title = {The {{One Number You Need}} to {{Grow}}},
  timestamp = {2015-11-11T20:17:41Z},
  author = {Reichheld, Frederick F.},
  year = 2003,
  journal = {Harvard Business Review},
  month = Dec,
  date = {2003-12},
  file = {Harvard_Business_Review_The_One_Number_You_Need_to_Grow.pdf:/home/dennis/.mozilla/firefox/1enzb414.default/zotero/storage/M6KGIIMG/Harvard_Business_Review_The_One_Number_You_Need_to_Grow.pdf:application/pdf}
}

@book{itu-t_recommendation_p.851_subjective_2003,
  title = {Subjective quality evaluation of telephone services based on spoken dialogue systems (11/2003)},
  author = {{ITU-T Recommendation P.851}},
  date = {2003-11},
}


